<?xml version="1.0" encoding="UTF-8"?><collection xmlns="http://www.loc.gov/MARC21/slim"><record><leader>00578nam--2200193-i-4500</leader><controlfield tag="001">000037730</controlfield><controlfield tag="002">20161230</controlfield><controlfield tag="005">20161230201041</controlfield><controlfield tag="008">060222s1000------------r-----000-0-rum-d</controlfield><datafield ind1=" " ind2=" " tag="040"><subfield code="a">IFIN-HH</subfield></datafield><datafield ind1=" " ind2=" " tag="041"><subfield code="a">rum</subfield></datafield><datafield ind1=" " ind2=" " tag="080"><subfield code="a">539.144:539.166(043)</subfield></datafield><datafield ind1="1" ind2=" " tag="100"><subfield code="a">Protop,Corneliu</subfield></datafield><datafield ind1="1" ind2="0" tag="245"><subfield code="a">Studii de conversie interna la tranzactii electromagnetice m1+e2 din nuclee atomice cu z 50</subfield><subfield code="b">Teza</subfield><subfield code="c">Corneliu protop</subfield></datafield><datafield ind1=" " ind2=" " tag="260"><subfield code="a">Bucuresti</subfield><subfield code="b">Ifin</subfield><subfield code="c">1982</subfield></datafield><datafield ind1=" " ind2=" " tag="300"><subfield code="a">127P</subfield></datafield><datafield ind1=" " ind2=" " tag="502"><subfield code="a">Conducator Stiintific: Conf.Dr. A Berinde</subfield></datafield><datafield ind1=" " ind2=" " tag="852"><subfield code="a">70090</subfield><subfield code="c">539.14</subfield></datafield><datafield ind1=" " ind2=" " tag="CAT"><subfield code="a">Sys</subfield><subfield code="c">20120404</subfield><subfield code="h">124406</subfield></datafield></record></collection>